@book{hennessey2019computer,
  author = {John L. Hennessey and David A. Patterson},
  edition = {6th},
  year = {2019},
  title = {Computer Architecture: A Quantitative Approach},
  publisher = {Morgan Kaufmann}
}
